{"ch":"market.xrpusdt.trade.detail","tick":{"data":[{"amount":758.450000000000000000,"price":0.360300000000000000,"id":3590883884821586239536,"ts":1546963982139,"direction":"sell"}],"id":35908838848,"ts":1546963982139},"ts":1546963982373}
1546963980,3590883884821586239536
{"ch":"market.xrpusdt.trade.detail","tick":{"data":[{"amount":726.170000000000000000,"price":0.360300000000000000,"id":3590883983921586239536,"ts":1546963982763,"direction":"sell"}],"id":35908839839,"ts":1546963982763},"ts":1546963983107}
1546963980,3590883983921586239536
{"ch":"market.xrpusdt.trade.detail","tick":{"data":[{"amount":1756.970000000000000000,"price":0.360300000000000000,"id":3590884215121586239536,"ts":1546963984198,"direction":"sell"}],"id":35908842151,"ts":1546963984198},"ts":1546963984512}
1546963980,3590884215121586239536
{"ch":"market.xrpusdt.trade.detail","tick":{"data":[{"amount":700.900000000000000000,"price":0.360300000000000000,"id":3590884243521586239536,"ts":1546963984362,"direction":"sell"}],"id":35908842435,"ts":1546963984362},"ts":1546963984514}
1546963980,3590884243521586239536
{"ch":"market.xrpusdt.trade.detail","tick":{"data":[{"amount":878.470000000000000000,"price":0.360300000000000000,"id":3590884314721586239536,"ts":1546963984839,"direction":"sell"}],"id":35908843147,"ts":1546963984839},"ts":1546963984985}
1546963980,3590884314721586239536
{"ch":"market.xrpusdt.trade.detail","tick":{"data":[{"amount":7424.500000000000000000,"price":0.360400000000000000,"id":3590884504621586236514,"ts":1546963986259,"direction":"buy"},{"amount":12575.500000000000000000,"price":0.360400000000000000,"id":3590884504621586252330,"ts":1546963986259,"direction":"buy"}],"id":35908845046,"ts":1546963986259},"ts":1546963986428}
1546963980,3590884504621586236514
1546963980,3590884504621586252330
{"ch":"market.xrpusdt.trade.detail","tick":{"data":[{"amount":129.420000000000000000,"price":0.360300000000000000,"id":3590884753521586239536,"ts":1546963987839,"direction":"sell"},{"amount":2815.600000000000000000,"price":0.360300000000000000,"id":3590884753521586257899,"ts":1546963987839,"direction":"sell"}],"id":35908847535,"ts":1546963987839},"ts":1546963988099}
1546963980,3590884753521586239536
1546963980,3590884753521586257899
{"ch":"market.xrpusdt.trade.detail","tick":{"data":[{"amount":1367.120000000000000000,"price":0.360300000000000000,"id":3590885206821586257899,"ts":1546963990654,"direction":"sell"}],"id":35908852068,"ts":1546963990654},"ts":1546963990854}
1546963980,3590885206821586257899
{"ch":"market.xrpusdt.trade.detail","tick":{"data":[{"amount":1381.100000000000000000,"price":0.360300000000000000,"id":3590885459021586257899,"ts":1546963992308,"direction":"sell"}],"id":35908854590,"ts":1546963992308},"ts":1546963992575}
1546963980,3590885459021586257899
{"ch":"market.xrpusdt.trade.detail","tick":{"data":[{"amount":1381.100000000000000000,"price":0.360300000000000000,"id":3590885548121586257899,"ts":1546963992858,"direction":"sell"}],"id":35908855481,"ts":1546963992858},"ts":1546963993146}
{"ch":"market.xrpusdt.trade.detail","tick":{"data":[{"amount":1381.100000000000000000,"price":0.360300000000000000,"id":3590885548121586257899,"ts":1546963992858,"direction":"sell"}],"id":35908855481,"ts":1546963992858},"ts":1546963993161}
1546963980,3590885548121586257899
1546963980,3590885548121586257899
{"ch":"market.xrpusdt.trade.detail","tick":{"data":[{"amount":964.000000000000000000,"price":0.360300000000000000,"id":3590885766221586266896,"ts":1546963994060,"direction":"buy"}],"id":35908857662,"ts":1546963994060},"ts":1546963994308}
1546963980,3590885766221586266896
{"ch":"market.xrpusdt.trade.detail","tick":{"data":[{"amount":554.900000000000000000,"price":0.360300000000000000,"id":3590886595621586266896,"ts":1546963998932,"direction":"buy"}],"id":35908865956,"ts":1546963998932},"ts":1546963999118}
1546963980,3590886595621586266896
{"ch":"market.xrpusdt.trade.detail","tick":{"data":[{"amount":39.910000000000000000,"price":0.360400000000000000,"id":3590887657521586273760,"ts":1546964005137,"direction":"sell"}],"id":35908876575,"ts":1546964005137},"ts":1546964005454}
1546963980,3590887657521586273760
{"ch":"market.xrpusdt.trade.detail","tick":{"data":[{"amount":39.910000000000000000,"price":0.360400000000000000,"id":3590887657521586273760,"ts":1546964005137,"direction":"sell"}],"id":35908876575,"ts":1546964005137},"ts":1546964005456}
1546963980,3590887657521586273760
{"ch":"market.xrpusdt.trade.detail","tick":{"data":[{"amount":965.000000000000000000,"price":0.360600000000000000,"id":3590888069221586230766,"ts":1546964007199,"direction":"buy"}],"id":35908880692,"ts":1546964007199},"ts":1546964007387}
1546963980,3590888069221586230766
{"ch":"market.xrpusdt.trade.detail","tick":{"data":[{"amount":750.500000000000000000,"price":0.360600000000000000,"id":3590889059221586287767,"ts":1546964012781,"direction":"sell"},{"amount":2000.000000000000000000,"price":0.360500000000000000,"id":3590889059221586284829,"ts":1546964012781,"direction":"sell"},{"amount":600.000000000000000000,"price":0.360500000000000000,"id":3590889059221586287725,"ts":1546964012781,"direction":"sell"}],"id":35908890592,"ts":1546964012781},"ts":1546964012950}
1546963980,3590889059221586287767
1546963980,3590889059221586284829
1546963980,3590889059221586287725
{"ch":"market.xrpusdt.trade.detail","tick":{"data":[{"amount":250.820000000000000000,"price":0.360500000000000000,"id":3590889136021586288518,"ts":1546964013222,"direction":"buy"}],"id":35908891360,"ts":1546964013222},"ts":1546964013372}
1546963980,3590889136021586288518
{"ch":"market.xrpusdt.trade.detail","tick":{"data":[{"amount":1500.000000000000000000,"price":0.360500000000000000,"id":3590889131821586288518,"ts":1546964013194,"direction":"buy"}],"id":35908891318,"ts":1546964013194},"ts":1546964013377}
1546963980,3590889131821586288518
{"ch":"market.xrpusdt.trade.detail","tick":{"data":[{"amount":250.820000000000000000,"price":0.360500000000000000,"id":3590889136021586288518,"ts":1546964013222,"direction":"buy"}],"id":35908891360,"ts":1546964013222},"ts":1546964013517}
1546963980,3590889136021586288518
{"ch":"market.xrpusdt.trade.detail","tick":{"data":[{"amount":698.680000000000000000,"price":0.360500000000000000,"id":3590889302321586288518,"ts":1546964014071,"direction":"buy"}],"id":35908893023,"ts":1546964014071},"ts":1546964014235}
1546963980,3590889302321586288518
{"ch":"market.xrpusdt.trade.detail","tick":{"data":[{"amount":300.650000000000000000,"price":0.360500000000000000,"id":3590889369621586289981,"ts":1546964014456,"direction":"sell"},{"amount":673.420000000000000000,"price":0.360500000000000000,"id":3590889369621586290008,"ts":1546964014456,"direction":"sell"}],"id":35908893696,"ts":1546964014456},"ts":1546964014604}
1546963980,3590889369621586289981
1546963980,3590889369621586290008
{"ch":"market.xrpusdt.trade.detail","tick":{"data":[{"amount":600.000000000000000000,"price":0.360800000000000000,"id":3590889797621586293155,"ts":1546964017140,"direction":"sell"}],"id":35908897976,"ts":1546964017140},"ts":1546964017416}
1546963980,3590889797621586293155
{"ch":"market.xrpusdt.trade.detail","tick":{"data":[{"amount":600.000000000000000000,"price":0.360800000000000000,"id":3590889885221586293460,"ts":1546964017630,"direction":"sell"}],"id":35908898852,"ts":1546964017630},"ts":1546964017840}
1546963980,3590889885221586293460
{"ch":"market.xrpusdt.trade.detail","tick":{"data":[{"amount":600.000000000000000000,"price":0.360700000000000000,"id":3590889981321586292105,"ts":1546964018154,"direction":"sell"},{"amount":4000.000000000000000000,"price":0.360700000000000000,"id":3590889981321586293193,"ts":1546964018154,"direction":"sell"}],"id":35908899813,"ts":1546964018154},"ts":1546964018319}
1546963980,3590889981321586292105
1546963980,3590889981321586293193
{"ch":"market.xrpusdt.trade.detail","tick":{"data":[{"amount":1374.600000000000000000,"price":0.360500000000000000,"id":3590890152721586290008,"ts":1546964019138,"direction":"sell"},{"amount":125.400000000000000000,"price":0.360500000000000000,"id":3590890152721586290012,"ts":1546964019138,"direction":"sell"}],"id":35908901527,"ts":1546964019138},"ts":1546964019314}
1546963980,3590890152721586290008
1546963980,3590890152721586290012
{"ch":"market.xrpusdt.trade.detail","tick":{"data":[{"amount":105.180000000000000000,"price":0.360500000000000000,"id":3590891650721586302124,"ts":1546964028306,"direction":"sell"}],"id":35908916507,"ts":1546964028306},"ts":1546964028495}
1546963980,3590891650721586302124
{"ch":"market.xrpusdt.trade.detail","tick":{"data":[{"amount":1124.170000000000000000,"price":0.360500000000000000,"id":3590892634421586302124,"ts":1546964034391,"direction":"sell"}],"id":35908926344,"ts":1546964034391},"ts":1546964034552}
1546963980,3590892634421586302124
{"ch":"market.xrpusdt.trade.detail","tick":{"data":[{"amount":1581.760000000000000000,"price":0.360500000000000000,"id":3590892735421586302124,"ts":1546964035026,"direction":"sell"}],"id":35908927354,"ts":1546964035026},"ts":1546964035188}
1546963980,3590892735421586302124
{"ch":"market.xrpusdt.trade.detail","tick":{"data":[{"amount":4385.880000000000000000,"price":0.360500000000000000,"id":3590892868921586302124,"ts":1546964035849,"direction":"sell"}],"id":35908928689,"ts":1546964035849},"ts":1546964036105}
1546963980,3590892868921586302124
{"ch":"market.xrpusdt.trade.detail","tick":{"data":[{"amount":517.650000000000000000,"price":0.360500000000000000,"id":3590893507921586302124,"ts":1546964039963,"direction":"sell"}],"id":35908935079,"ts":1546964039963},"ts":1546964040207}
1546963980,3590893507921586302124
